<?xml version="1.0" encoding="UTF-8"?><collection xmlns="http://www.loc.gov/MARC21/slim"><record><leader>00394nam--2200145-i-4500</leader><controlfield tag="001">000002339</controlfield><controlfield tag="002">20161230</controlfield><controlfield tag="005">20161230201025</controlfield><controlfield tag="008">060222s1000------------r-----000-0-eng-d</controlfield><datafield ind1=" " ind2=" " tag="080"><subfield code="a">533.5</subfield></datafield><datafield ind1=" " ind2=" " tag="100"><subfield code="a">Green, Geoffrey W</subfield></datafield><datafield ind1=" " ind2=" " tag="245"><subfield code="a">The design and construction of small vacuum systems</subfield></datafield><datafield ind1=" " ind2=" " tag="260"><subfield code="a">London, Chapman And Hall Ltd., 1968. Ix + 181 P</subfield></datafield><datafield ind1=" " ind2=" " tag="490"><subfield code="a">High Vacuum Series</subfield></datafield><datafield ind1=" " ind2=" " tag="852"><subfield code="a">31065</subfield></datafield></record></collection>